<?xml version="1.0" encoding="UTF-8"?><collection xmlns="http://www.loc.gov/MARC21/slim"><record><leader>00495nam--2200193-u-4500</leader><controlfield tag="001">000051198</controlfield><controlfield tag="002">20161230</controlfield><controlfield tag="005">20161230201049</controlfield><controlfield tag="008">080530s1000------------r-----000-0-eng-d</controlfield><datafield ind1=" " ind2=" " tag="020"><subfield code="a">0-486-27077-7</subfield></datafield><datafield ind1=" " ind2=" " tag="040"><subfield code="a">IFIN-HH</subfield></datafield><datafield ind1=" " ind2=" " tag="080"><subfield code="a">539.2</subfield></datafield><datafield ind1="1" ind2=" " tag="100"><subfield code="a">Holden,Alan</subfield></datafield><datafield ind1="1" ind2="0" tag="245"><subfield code="a">The Nature of Solids. With 173 illustrations</subfield><subfield code="c">Alan Holden</subfield></datafield><datafield ind1=" " ind2=" " tag="260"><subfield code="a">New York</subfield><subfield code="b">Dover Publications, Inc</subfield><subfield code="c">1992</subfield></datafield><datafield ind1=" " ind2=" " tag="300"><subfield code="a">241 p</subfield></datafield><datafield ind1=" " ind2="4" tag="650"><subfield code="a">Solids</subfield></datafield><datafield ind1=" " ind2=" " tag="852"><subfield code="a">82012</subfield><subfield code="c">539.2</subfield></datafield><datafield ind1=" " ind2=" " tag="CAT"><subfield code="a">Sys</subfield><subfield code="c">20110113</subfield><subfield code="h">095745</subfield></datafield></record></collection>